% Journal shortcuts
@STRING{AISTATS = {AISTATS}}

@STRING{AOS = {Ann. Statist.}}

@STRING{AAS = {Ann. Appl. Stat.}}

@STRING{COLT = {COLT}}

@STRING{CVPR = {CVPR}}

@STRING{ICCV = {ICCV}}

@STRING{ICIP = {ICIP}}

@STRING{ICASSP = {ICASSP}}

@STRING{ICML = {ICML}}

@STRING{ICIKM = {ICIKM}}

@STRING{IEEE_J_PAMI = {{IEEE} Trans. Pattern Anal. Mach. Intell.}}

@STRING{IEEE_J_GRS = {{IEEE} Trans. Geosci. Remote Sens.}}

@STRING{IEEE_J_IP = {{IEEE} Trans. Image Process.}}

@STRING{IEEE_J_IT = {{IEEE} Trans. Inf. Theory}}

@STRING{IEEE_J_MI = {{IEEE} Trans. Med. Imag.}}

@STRING{IEEE_J_TSP = {{IEEE} Trans. Signal Process.}}

@STRING{IEEE_J_TSPL = {{IEEE} Trans. Signal Process. Lett.}}

@string{IEEE_J_TAC = {IEEE Trans. Autom. Control}}

@STRING{EJS = {Electron. J. Stat.}}

@STRING{IJCV = {Int. J. Comput. Vision}}

@STRING{JASA = {J. Amer. Statist. Assoc.}}

@STRING{JMLR = {J. Mach. Learn. Res.}}

@STRING{JRSSB = {J. R. Stat. Soc. Ser. B Stat. Methodol.}}

@STRING{JRSSC = {J. R. Stat. Soc. Ser. C. Appl. Stat.}}

@STRING{MMS = {Math. Methods Statist.}}

@STRING{NIPS = {NIPS}}

@STRING{PTRF = {Probab. Theory Related Fields}}

@STRING{JSS = {J. Stat. Softw.}}

@STRING{SS = {Statist. Sci.}}

@STRING{ACHA = {Appl. Comput. Harmon. Anal.}}

@STRING{SIIMS = {SIAM J. Imaging Sci.}}

@STRING{SIAMOPT = {SIAM J. Optim.}}

@STRING{OPTTHEORY = {J. Optimiz. Theory. App.}}

% double names shortcuts
% Beware such shortcuts might conflict with beamer + biber
@preamble{ {\providecommand{\AC}{A.-C}} }
@preamble{ {\providecommand{\CA}{C.-A}} }
@preamble{ {\providecommand{\CH}{C.-H}} }
@preamble{ {\providecommand{\CN}{C.-N}} }
@preamble{ {\providecommand{\CC}{C.-C}} }
@preamble{ {\providecommand{\CJ}{C.-J}} }
@preamble{ {\providecommand{\HJ}{H.-J}} }
@preamble{ {\providecommand{\HY}{H.-Y}} }
@preamble{ {\providecommand{\JC}{J.-C}} }
@preamble{ {\providecommand{\JP}{J.-P}} }
@preamble{ {\providecommand{\JB}{J.-B}} }
@preamble{ {\providecommand{\JF}{J.-F}} }
@preamble{ {\providecommand{\JJ}{J.-J}} }
@preamble{ {\providecommand{\JM}{J.-M}} }
@preamble{ {\providecommand{\KW}{K.-W}} }
@preamble{ {\providecommand{\KR}{K.-R}} }
@preamble{ {\providecommand{\PL}{P.-L}} }
@preamble{ {\providecommand{\RE}{R.-E}} }
@preamble{ {\providecommand{\SJ}{S.-J}} }
@preamble{ {\providecommand{\XR}{X.-R}} }
@preamble{ {\providecommand{\WX}{W.-X}} }
@preamble{ {\providecommand{\PL}{P.-L}} }
@preamble{ {\providecommand{\YX}{Y.-X}} }

@book{adams1995hitchhiker,
  title={The Hitchhiker's Guide to the Galaxy},
  author={D. Adams},
  isbn={9781417642595},
  url={http://books.google.com/books?id=W-xMPgAACAAJ},
  year={1995},
  publisher={San Val}
}

@inproceedings{LeMorvan_Vert18,
  author    = {Le Morvan, M. and
               Vert, J-P.},
  title     = {WHInter: {A} Working set algorithm for High-dimensional sparse second order Interaction models},
  booktitle = ICML,
  pages     = {3632--3641},
  year      = {2018},
}

@inproceedings{Nakagawa_Suzumura_Karasuyama_Tsuda_Takeuchi16,
title={Safe pattern pruning: An efficient approach for predictive pattern mining},
author={Nakagawa, K. and Suzumura, S. and Karasuyama, M. and Tsuda, K. and Takeuchi, I.},
booktitle={Proceedings of the 22nd ACM SIGKDD International Conference on Knowledge Discovery and Data Mining},
pages={1785--1794},
year={2016},
organization={ACM}
}

@article{Bien_Taylor_Tibshirani13,
  title={A lasso for hierarchical interactions},
  author={Bien, J. and Taylor, J. and Tibshirani, R.},
  journal=AOS,
  volume={41},
  number={3},
  pages={1111--1141},
  year={2013},
  publisher={Institute of Mathematical Statistics}
}

@article{Radchenko_James10,
 author = {Radchenko, P. and James, GM.},
 journal = JASA,
 number = {492},
 pages = {1541--1553},
 title = {Variable Selection Using Adaptive Nonlinear Interaction Structures in High Dimensions},
 volume = {105},
 year = {2010}
}

@inproceedings{Rendle10,
  title={Factorization machines},
  author={Rendle, S.},
  booktitle={Data Mining (ICDM), 2010 IEEE 10th International Conference on},
  pages={995--1000},
  year={2010},
  organization={IEEE}
}


@INPROCEEDINGS{Pan_Etal_16,
author={{Pan}, Z. and {Chen}, E. and {Liu}, Q. and {Xu}, T. and {Ma}, H. and {Lin}, H.},
booktitle={Data Mining (ICDM), 2016 IEEE 16th International Conference on},
title={Sparse Factorization Machines for Click-through Rate Prediction},
year={2016},
pages={400--409},
}


@inproceedings{Massias_Gramfort_Salmon18,
  author    = {Massias, M. and Gramfort, A. and Salmon, J.},
    title = "{Celer: a Fast Solver for the Lasso with Dual Extrapolation}",
  booktitle = {ICML},
     year = 2018,
}

@book{Beck17,
  title={First-Order Methods in Optimization},
  author={Beck, A.},
  volume={25},
  year={2017},
  publisher={SIAM}
}

@book{Hiriart-Urruty_Lemarechal01,
title={Fundamentals of convex analysis},
author={Hiriart-Urruty, {J.-B}. and Lemar{\'e}chal, C.},
year={cop. 2001},
publisher = {Springer-Verlag},
ISSN = {1618-2685}
}

@ARTICLE{ElGhaoui_Viallon_Rabbani12,
  author = {{El Ghaoui}, L. and Viallon, V. and Rabbani, T.},
  title = {Safe feature elimination in sparse supervised learning},
  journal = {J. Pacific Optim.},
  year = {2012},
  volume = {8},
  pages = {667--698},
  number = {4}
}

@INPROCEEDINGS{Fercoq_Gramfort_Salmon15,
  author = {Fercoq, O. and Gramfort, A. and Salmon, J.},
  title = {Mind the duality gap: safer rules for the lasso},
  booktitle = ICML,
  pages ={333--342},
  year = {2015}
}

@INPROCEEDINGS{Johnson_Guestrin15,
  author = {Johnson, T. B. and Guestrin, C.},
  title = {Blitz: A Principled Meta-Algorithm for Scaling Sparse Optimization},
  booktitle = ICML,
  pages     = {1171--1179},
  year = {2015},
}

@article{Ioffe_Szegedy15,
  title={Batch normalization: Accelerating deep network training by reducing internal covariate shift},
  author={Ioffe, S. and Szegedy, C.},
  journal={arXiv preprint arXiv:1502.03167},
  year={2015}
}

@article{Fercoq_Bianchi19,
title = {A Coordinate Descent Primal-Dual Algorithm with Large Step Size and Possibly Non-Separable Functions},
author = {Fercoq, O. and Bianchi, P.},
journal = SIAMOPT,
year = {2019},
volume = {29 (1)},
pages = {100-134}
}

@ARTICLE{Tibshirani96,
  AUTHOR = {Tibshirani, R.},
   TITLE = {Regression Shrinkage and Selection via the Lasso},
   JOURNAL = JRSSB,
  FJOURNAL = {Journal of the Royal Statistical Society. Series B.
              Methodological},
    VOLUME = {58},
      YEAR = {1996},
    NUMBER = {1},
     PAGES = {267--288},
}

@article{Vandel_Cassan_Lebre_Lecellier_Brehelin19,
title = {Probing transcription factor combinatorics in different promoter classes and in enhancers},
author = {Vandel, J. and Cassan, O. and Lèbre, S. and Lecellier, CH. and Bréhélin, L.},
journal = {BMC Genomics},
year = {2019},
volume = {20},
number = {1},
page = {103}
}


@book{Hastie_Tibshirani_Friedman_09,
title = {The Elements of Statistical Learning : Data Mining, Inference, and Prediction. Second Edition},
author = {Hastie, T. and Tibshirani, R. and Friedman, J.},
publisher = {Springer},
year = {2009},
series ={Springer Series in Statistics}
}

@book{Boyd_Vandenberghe04,
  title = {Convex optimization},
  publisher = {Cambridge University Press},
  year = {2004},
  author = {Boyd, S. and Vandenberghe, L.},
  pages = {xiv+716},
}

@book{Bertsimas_TsiTsiklis_97,
title = {Introduction to linear optimization},
author = {Bertsimas, D. and Tsitsiklis, JN.},
publisher = {Athena Scientific, Belmont, Massachusetts},
year = {1997}
}


@article{scikit-learn,
 title={Scikit-learn: Machine Learning in {P}ython},
 author={Pedregosa, F. and Varoquaux, G. and Gramfort, A. and V., Michel
         and B., Thirion and O., Grisel and M., Blondel and P., Prettenhofer
         and R., Weiss and V., Dubourg and J., Vanderplas and A., Passos and
         D., Cournapeau and M., Brucher and M., Perrot and E., Duchesnay},
 journal={Journal of Machine Learning Research},
 volume={12},
 pages={2825--2830},
 year={2011}
}


@Misc{Scipy_11,
  author =    {Jones, E. and Oliphant, T. and Peterson, P. and others},
  title =     {{SciPy}: Open source scientific tools for {Python}},
  year =      {2001--},
  url = "http://www.scipy.org/",
  note = {[Online; accessed <today>]}
}

@misc{michael_waskom_2018_1313201,
  author       = {Waskom M. and
                  O. Botvinnik and
                  D. O'Kane and
                  P. Hobson and
                  J. Ostblom and
                  S. Lukauskas and
                  D. C Gemperline and
                  T. Augspurger and
                  Y. Halchenko and
                  J. B. Cole and
                  J. Warmenhoven and
                  J. de Ruiter and
                  C. Pye and
                  S. Hoyer and
                  J. Vanderplas and
                  S. Villalba and
                  G. Kunter and
                  E. Quintero and
                  P. Bachant and
                  M. Martin and
                  K. Meyer and
                  A. Miles and
                  Y. Ram and
                  T. Brunner and
                  T. Yarkoni and
                  ML. Williams and
                  C. Evans and
                  C. Fitzgerald and
                  A. Qalieh},
  title        = {mwaskom/seaborn: v0.9.0 (July 2018)},
  month        = jul,
  year         = 2018,
  doi          = {10.5281/zenodo.1313201},
  url          = {https://doi.org/10.5281/zenodo.1313201}
}

@article{Wasserman_Sandelin_04,
author = {Wasserman, Wyeth W. and Sandelin, A.},
title = {Applied bioinformatics for the identification of regulatory elements},
journal = {Nature Reviews Genetics},
year = {2004},
volume= {5},
number = {4},
pages = {276--87}
}

@article{Deledalle_Papadakis_Salmon_Vaiter16,
 author = {Deledalle, C.-A. and Papadakis, N. and Salmon, J. and Vaiter, S.},
 journal = {SIAM J. Imaging Sci.},
 number = {1},
 pages = {243-284},
 pdf = {http://josephsalmon.eu/papers/CLEAR.pdf},
 title = {{CLEAR: Covariant LEAst-square Re-fitting with applications to image restoration}},
 volume = {10},
 year = {2017}
}


@inproceedings{Johnson_Guestrin17,
      title = {{S}tingy{CD}: Safely Avoiding Wasteful Updates in Coordinate Descent},
     author = {Johnson, T B. and Guestrin, C.},
      booktitle = ICML,
      pages = {1752--1760},
       year = {2017},
}

@article{Zou_Hastie05,
      title = {Regularization and variable selection via the elastic net},
     author = {Zou, H. and Hastie, TJ.},
    journal = JRSSB,
     volume = {67},
     number = {2},
      pages = {301--320},
       year = {2005},
  publisher = {Wiley Online Library}
}

@article{Friedman_Hastie_Hofling_Tibshirani07,
   author = {Friedman, J. and Hastie, TJ. and H{\"o}fling, H. and Tibshirani, R.},
    title = {Pathwise coordinate optimization},
  journal = AAS,
     year = {2007},
   volume = {1},
    pages = {302--332},
   number = {2},
}


@article{Friedman_Hastie_Tibshirani10,
      title = {Regularization paths for generalized linear models via coordinate descent},
     author = {Friedman, J. and Hastie, TJ. and Tibshirani, R.},
    journal = JSS,
     volume = {33},
     number = {1},
      pages = {1--22},
       year = {2010},
  publisher = {NIH Public Access}
}


@article{Hoerl_Kennard70,
    title = {Ridge regression: Biased estimation for nonorthogonal problems},
   author = {Hoerl, AE. and Kennard, RW.},
  journal = {Technometrics},
   volume = {12},
   number = {1},
    pages = {55--67},
     year = {1970},
}


@article{Tikhonov43,
   author = {Tikhonov, AN.},
    title = {On the stability of inverse problems},
  journal = {Dokl. Akad. Nauk SSSR},
     year = {1943},
   volume = {39},
    pages = {176--179}
}


@phdthesis{Salmon17,
     author = {Salmon, J.},
      title = {On high dimensional regression: computational and statistical perspectives},
     school = {ENS Paris-Saclay},
       type = {Habilitation à diriger des recherches},
       year = {2017},
        pdf = {http://josephsalmon.eu/papers/HDR.pdf}
  }

@article{Pedregosa_etal11,
    title = {Scikit-learn: Machine Learning in {P}ython},
   author = {Pedregosa, F. and Varoquaux, G. and Gramfort, A. and Michel, V. and Thirion, B. and Grisel, O. and Blondel, M. and Prettenhofer, P. and Weiss, R. and Dubourg, V. and Vanderplas, J. and Passos, A. and Cournapeau, D. and Brucher, M. and Perrot, M. and Duchesnay, E.},
  journal = JMLR,
   volume = {12},
    pages = {2825--2830},
     year = {2011}
}

@article{Buhlmann_Mandozzi13,
	author = {B{\"u}hlmann, P. and Mandozzi, J.},
	title = {High-dimensional variable screening and biais in subsequent inference, with an empirical comparison},
 journal={Computational Statistics},
  volume={29},
  number={3},
  pages={407--430},
  year={2014},
}

@inproceedings{Bascou_Lebre_Salmon20,
 author = {Bascou, F. and Lèbre, S. and Salmon, J.},
 booktitle = {Journées de Statistique},
 pdf = {http://josephsalmon.eu/papers/JDS2020.pdf},
 title = {Debiasing the Elastic Net for models with interactions},
 year = {2020}
}

@InProceedings{Bertrand_Klopfenstein_Blondel_Vaiter_Gramfort_Salmon20,
     author = {Bertrand, Q. and Klopfenstein, Q. and Blondel, M. and Vaiter, S. and Gramfort, A. and Salmon, J.},
      title = {Implicit differentiation of Lasso-type models for hyperparameter optimization},
       year = {2020},
  booktitle = {ICML},
        pdf = {https://arxiv.org/pdf/2002.08943.pdf},
    comment = {<a href="https://github.com/QB3/sparse-ho"> [Code]</a> },
}


@article{Bessiere_Taha_Petitprez_Vandel_Marin_Brehelin_Lebre_Lecellier,
    author = {Bessière, C. and Taha, M. and Petitprez, F. and J., Vandel and J-M., Marin and L., Bréhélin and S., Lèbre and C-H., Lecellier},
    journal = {PLOS Computational Biology},
    publisher = {Public Library of Science},
    title = {Probing instructions for expression regulation in gene nucleotide compositions},
    year = {2018},
    month = {01},
    volume = {14},
    pages = {1-28},
    abstract = {Author summary Identifying a maximum of DNA determinants implicated in gene regulation will accelerate genetic analyses and precision medicine approaches by identifying key gene features. In that context decoding the sequence-level instructions for gene regulation is of prime importance. Among global efforts to achieve this objective, we propose a novel approach able to explain gene expression in each patient sample using only DNA features. Our approach, which is as accurate as methods based on epigenetics data, reveals a strong influence of the nucleotide content of gene body sequences, in particular introns. In contrast to canonical regulations mediated by specific DNA motifs, our model unveils a contribution of global nucleotide content notably in co-regulations associated with genome 3D architecture and to associations of genes within topologically associated domains. Overall our study confirms and takes advantage of the existence of sequence-level instructions for gene expression, which lie in genomic regions largely underestimated in regulatory genomics but which appear to be linked to chromatin architecture.},
    number = {1},
}
    doi = {10.1371/journal.pcbi.1005921}
    url = {https://doi.org/10.1371/journal.pcbi.1005921},

@book{Tukey77,
      title = {Exploratory data analysis},
     author = {Tukey, JW.},
       year = {1977},
  publisher = {Addison-Wesley Publishing Company}
}

@article{Osher_Burger_Goldfarb_Xu_Yin05,
      title = {An iterative regularization method for total variation-based image restoration},
     author = {Osher, S. and Burger, M. and Goldfarb, D. and Xu, J. and Yin, W.},
    journal = {Multiscale Model. Simul.},
     volume = {4},
     number = {2},
      pages = {460--489},
       year = {2005},
  publisher = {SIAM}
}


@article{Kim_Koh_Lustig_Boyd_Gorinevsky07,
      title = {An interior-point method for large-scale {$\ell_1$}-regularized least squares},
     author = {Kim, \SJ. and Koh, K. and Lustig, M. and Boyd, S. and Gorinevsky, D.},
    journal = {IEEE J. Sel. Topics Signal Process.},
     volume = {1},
     number = {4},
      pages = {606--617},
       year = {2007},
  publisher = {IEEE}
}

@article{Xiang_Wang_Ramadge14,
      title = {Screening tests for lasso problems},
     author = {Xiang, ZJ. and Wang, Y. and Ramadge PJ.},
    journal = IEEE_J_PAMI,
     volume = {PP},
     number = {99},
       year = {2016},
}

@article{Ndiaye_Fercoq_Gramfort_Salmon17,
     author = {Ndiaye, E. and Fercoq, O. and Gramfort, A. and Salmon, J.},
      title = {Gap Safe screening rules for sparsity enforcing penalties},
       year = {2017},
     volume = {18},
    journal = JMLR,
     number = {128},
      pages = {1--33},
}

@inproceedings{Bonnefoy_Emiya_Ralaivola_Gribonval14,
      title = {A dynamic screening principle for the lasso},
     author = {Bonnefoy, A. and Emiya, V. and Ralaivola, L. and Gribonval, R.},
       year = {2014},
      pages = {6--10},
  booktitle = {EUSIPCO},
}

@article{Bonnefoy_Emiya_Ralaivola_Gribonval15,
     author = {Bonnefoy, A. and Emiya, V. and Ralaivola, L. and Gribonval, R.},
      title = "{Dynamic screening: accelerating first-order algorithms for the Lasso and Group-Lasso}",
    journal = IEEE_J_TSP,
     volume = {63},
     number = {19},
      pages = {20},
       year = {2015},
}

@article{Fan_Chang_Hsieh_Wang_Lin08,
      title = {LIBLINEAR: A library for large linear classification},
     author = {Fan, \RE. and Chang, \KW. and Hsieh, \CJ. and Wang, \XR. and Lin, \CJ.},
    journal = JMLR,
     volume = {9},
      pages = {1871--1874},
       year = {2008},
}

@inproceedings{Boisbunon_Flamary_Rakotomamonjy14,
     author = {Boisbunon, A. and Flamary, R. and Rakotomamonjy, A.},
      title = {Active set strategy for high-dimensional non-convex sparse optimization problems},
  booktitle = ICASSP,
      pages = {1517--1521},
       year = {2014}
}

@inproceedings{Massias_Gramfort_Salmon17,
     author = {Massias, M. and Gramfort, A. and Salmon, J.},
      title = {From safe screening rules to working sets for faster Lasso-type solvers},
  booktitle = {NIPS-OPT},
       year = {2017},
}

@inproceedings{Kim_Park10,
     author = {Kim, J. and Park, H.},
  booktitle = AISTATS,
      pages = {397--404},
       year = {2010},
      title = {Fast Active-set-type Algorithms for L1-regularized Linear Regression.},
}


@article{Obozinski_Taskar_Jordan10,
     author = {Obozinski, G. and Taskar, B. and Jordan, MI.},
      title = {Joint covariate selection and joint subspace selection for multiple classification problems},
    journal = {Statistics and Computing},
       year = {2010},
     volume = {20},
     number = {2},
      pages = {231--252},
}


@article{Parikh14,
    author = {Parikh, N. and Boyd, S.},
     title = {Proximal Algorithms},
      year = {2014},
    volume = {1},
    number = {3},
   journal = {Found. Trends Optim.},
     pages = {127--239},
}

@book{vandebril07,
      title = {Matrix computations and semiseparable matrices: linear systems},
     author = {Vandebril, R. and Van Barel, M. and Mastronardi, N.},
     volume = {1},
       year = {2007},
  publisher = {JHU Press}
}

@article{golub2000eigenvalue,
      title = {Eigenvalue computation in the 20th century},
     author = {Golub, GH. and Van der Vorst, HA.},
    journal = {Journal of Computational and Applied Mathematics},
     volume = {123},
     number = {1-2},
      pages = {35--65},
       year = {2000},
  publisher = {Elsevier}
}

@phdthesis{massias2019sparse,
  title={Sparse high dimensional regression in the presence of colored heteroscedastic noise: application to M/EEG source imaging},
  author={Massias, M.},
  year={2019},
  school={Telecom Paristech}
}

@article{lanczos1952solution,
  title={Solution of systems of linear equations by minimized iterations},
  author={L\'{a}nczos, C.},
  journal={J. Res. Nat. Bur. Standards},
  volume={49},
  number={1},
  pages={33--53},
  year={1952}
}

@incollection{torch,
title = {PyTorch: An Imperative Style, High-Performance Deep Learning Library},
author = {Paszke, A. and Gross, S. and Massa, F. and Lerer, A. and Bradbury, J. and Chanan, G. and Killeen, T. and Lin, Z. and Gimelshein, N. and Antiga, L. and Desmaison, A. and Kopf, A. and Yang, E. and DeVito, Z. and Raison, M. and Tejani, A. and Chilamkurthy, S. and Steiner, B. and Fang, L. and Bai, J. and Chintala, S.},
booktitle = {Advances in Neural Information Processing Systems 32},
editor = {H. Wallach and H. Larochelle and A. Beygelzimer and F. d\textquotesingle Alch\'{e}-Buc and E. Fox and R. Garnett},
pages = {8024--8035},
year = {2019},
publisher = {Curran Associates, Inc.},
url = {http://papers.neurips.cc/paper/9015-pytorch-an-imperative-style-high-performance-deep-learning-library.pdf}
}

@article{nesterov2012efficiency,
  title={Efficiency of coordinate descent methods on huge-scale optimization problems},
  author={Nesterov, Y.},
  journal={SIAM Journal on Optimization},
  volume={22},
  number={2},
  pages={341--362},
  year={2012},
  publisher={SIAM}
}


@article{cramer2002origins,
  title={The origins of logistic regression},
  author={Cramer, JS.},
  year={2002},
  publisher={Tinbergen Institute Working Paper}
}

@inproceedings{pal2016preprocessing,
  title={Preprocessing for image classification by convolutional neural networks},
  author={Pal, KK. and Sudeep, KS.},
  booktitle={2016 IEEE International Conference on Recent Trends in Electronics, Information \& Communication Technology (RTEICT)},
  pages={1778--1781},
  year={2016},
  organization={IEEE}
}

@misc{peterson2019human,
      title={Human uncertainty makes classification more robust},
      author={Peterson, JC. and Battleday, RM. and Griffiths, TL. and Russakovsky, O.},
      year={2019},
      eprint={1908.07086},
      archivePrefix={arXiv},
      primaryClass={cs.CV}
}

@article{krizhevsky2009learning,
  title={Learning multiple layers of features from tiny images},
  author={Krizhevsky, A. and Hinton, G. and others},
  year={2009},
  publisher={Citeseer}
}

@article{kessy2018optimal,
  title={Optimal whitening and decorrelation},
  author={Kessy, A. and Lewin, A. and Strimmer, K.},
  journal={The American Statistician},
  volume={72},
  number={4},
  pages={309--314},
  year={2018},
  publisher={Taylor \& Francis}
}

@inproceedings{le2018whinter,
  title={WHInter: A Working set algorithm for High-dimensional sparse second order Interaction models},
  author={Le Morvan, M. and Vert, J-P.},
  booktitle={International Conference on Machine Learning},
  pages={3635--3644},
  year={2018},
  organization={PMLR}
}

@misc{bertrand2021anderson,
      title={Anderson acceleration of coordinate descent},
      author={Bertrand, Q. and Massias, M.},
      year={2021},
      eprint={2011.10065},
      archivePrefix={arXiv},
      primaryClass={stat.ML}
}

@article{chen2021global,
  title={On the global convergence of randomized coordinate gradient descent for non-convex optimization},
  author={Chen, Z. and Li, Y. and Lu, J.},
  journal={arXiv preprint arXiv:2101.01323},
  year={2021}
}

@inproceedings{nesterov27method,
  title={A method of solving a convex programming problem with convergence rate $\mathcal{O}(1/k^2)$},
  author={Nesterov, Y.},
  booktitle={Sov. Math. Dokl},
  volume={27},
  number={2},
  year={1983},
}

@book{Bachbook,
  author          = {Bach, F.},
  title       = {Learning Theory from First Principles},
  year            = {2021}
}

@inproceedings{lam2015numba,
  title={Numba: A llvm-based python jit compiler},
  author={Lam, SK. and Pitrou, A. and Seibert, S.},
  booktitle={Proceedings of the Second Workshop on the LLVM Compiler Infrastructure in HPC},
  pages={1--6},
  year={2015}
}

@misc{schoenholz2020jax,
      title={JAX, M.D.: A Framework for Differentiable Physics},
      author={Schoenholz, S. and Cubuk, E.},
      year={2020},
      eprint={1912.04232},
      archivePrefix={arXiv},
      primaryClass={physics.comp-ph}
}

@article{fajardo2012infimal,
  title={Infimal convolution, c-subdifferentiability, and Fenchel duality in evenly convex optimization},
  author={Fajardo, MD. and Vicente-P\'{e}rez, J. and Rodr\'{i}guez, MML.},
  journal={Top},
  volume={20},
  number={2},
  pages={375--396},
  year={2012},
  publisher={Springer}
}

@incollection{combettes2011proximal,
  title={Proximal splitting methods in signal processing},
  author={Combettes, P. and Pesquet, J-C.},
  booktitle={Fixed-point algorithms for inverse problems in science and engineering},
  pages={185--212},
  year={2011},
  publisher={Springer}
}

@article{feydy2020fast,
  title={Fast geometric learning with symbolic matrices},
  author={Feydy, J. and Glaun{\`e}s, J. and Charlier, B. and Bronstein, M.},
  journal={Proc. NeurIPS},
  volume={2},
  number={4},
  pages={6},
  year={2020}
}

@article{kim2007interior,
  title={An interior-point method for large-scale $\ell_1$-regularized least squares},
  author={Kim, S-J. and Koh, K. and Lustig, M. and Boyd, S. and Gorinevsky, D.},
  journal={IEEE journal of selected topics in signal processing},
  volume={1},
  number={4},
  pages={606--617},
  year={2007},
  publisher={IEEE}
}

@article{hale2008fixed,
  title={Fixed-point continuation for $\backslash$ell\_1-minimization: Methodology and convergence},
  author={Hale, E. and Yin, W. and Zhang, Y.},
  journal={SIAM Journal on Optimization},
  volume={19},
  number={3},
  pages={1107--1130},
  year={2008},
  publisher={SIAM}
}

@article{ndiaye2017gap,
  title={Gap safe screening rules for sparsity enforcing penalties},
  author={Ndiaye, E. and Fercoq, O. and Gramfort, A. and Salmon, J.},
  journal={The Journal of Machine Learning Research},
  volume={18},
  number={1},
  pages={4671--4703},
  year={2017},
  publisher={JMLR. org}
}

@inproceedings{johnson2015blitz,
  title={Blitz: A principled meta-algorithm for scaling sparse optimization},
  author={Johnson, T. and Guestrin, C.},
  booktitle={International Conference on Machine Learning},
  pages={1171--1179},
  year={2015},
  organization={PMLR}
}

@article{wu2008coordinate,
  title={Coordinate descent algorithms for lasso penalized regression},
  author={Wu, T. and Lange, K.},
  journal={The Annals of Applied Statistics},
  volume={2},
  number={1},
  pages={224--244},
  year={2008},
  publisher={Institute of Mathematical Statistics}
}
