@article{cramer2002origins,
  title={The origins of logistic regression},
  author={Cramer, Jan Salomon},
  year={2002},
  publisher={Tinbergen Institute Working Paper}
}

@inproceedings{pal2016preprocessing,
  title={Preprocessing for image classification by convolutional neural networks},
  author={Pal, Kuntal Kumar and Sudeep, KS},
  booktitle={2016 IEEE International Conference on Recent Trends in Electronics, Information \& Communication Technology (RTEICT)},
  pages={1778--1781},
  year={2016},
  organization={IEEE}
}

@misc{peterson2019human,
      title={Human uncertainty makes classification more robust},
      author={Joshua C. Peterson and Ruairidh M. Battleday and Thomas L. Griffiths and Olga Russakovsky},
      year={2019},
      eprint={1908.07086},
      archivePrefix={arXiv},
      primaryClass={cs.CV}
}

@article{krizhevsky2009learning,
  title={Learning multiple layers of features from tiny images},
  author={Krizhevsky, Alex and Hinton, Geoffrey and others},
  year={2009},
  publisher={Citeseer}
}

@article{kessy2018optimal,
  title={Optimal whitening and decorrelation},
  author={Kessy, Agnan and Lewin, Alex and Strimmer, Korbinian},
  journal={The American Statistician},
  volume={72},
  number={4},
  pages={309--314},
  year={2018},
  publisher={Taylor \& Francis}
}
